<record><leader>00000cas a2200000 a 4500</leader><controlfield tag="001">47005201</controlfield><controlfield tag="008">010524d19uu19uucauwr ne      0    0eng c</controlfield><datafield ind1=" " ind2=" " tag="010"><subfield code="a">sn2001060508</subfield></datafield><datafield ind1=" " ind2=" " tag="040"><subfield code="a">CNK</subfield><subfield code="b">eng</subfield><subfield code="c">CNK</subfield><subfield code="d">CNK</subfield><subfield code="d">OCLCQ</subfield><subfield code="d">CNK</subfield><subfield code="d">OCLCF</subfield><subfield code="d">OCLCO</subfield></datafield><datafield ind1="1" ind2=" " tag="029"><subfield code="a">AU@</subfield><subfield code="b">000022728871</subfield></datafield><datafield ind1=" " ind2=" " tag="042"><subfield code="a">pcc</subfield></datafield><datafield ind1=" " ind2=" " tag="043"><subfield code="a">n-us-ca</subfield></datafield><datafield ind1="0" ind2="4" tag="245"><subfield code="a">The Newport ensign.</subfield></datafield><datafield ind1=" " ind2=" " tag="260"><subfield code="a">Corona del Mar, CA. :</subfield><subfield code="b">Sutton News Group</subfield></datafield><datafield ind1=" " ind2=" " tag="300"><subfield code="a">v.</subfield></datafield><datafield ind1=" " ind2=" " tag="310"><subfield code="a">Weekly</subfield></datafield><datafield ind1=" " ind2=" " tag="530"><subfield code="a">Master negatives are available for duplication from:</subfield><subfield code="b">California Newspaper Microfilm Archive;</subfield><subfield code="c">positive copies may be purchased by the reel; for further information consult the CNMA at:</subfield><subfield code="u">http://cbsr.ucr.edu</subfield></datafield><datafield ind1=" " ind2=" " tag="588"><subfield code="a">Description based on: 32nd year, no. 36 (Apr. 16, 1980).</subfield></datafield><datafield ind1=" " ind2="0" tag="651"><subfield code="a">Corona del Mar (Newport Beach, Calif.)</subfield><subfield code="v">Newspapers.</subfield></datafield><datafield ind1=" " ind2="0" tag="651"><subfield code="a">Newport Beach (Calif.)</subfield><subfield code="v">Newspapers.</subfield></datafield><datafield ind1=" " ind2="7" tag="655"><subfield code="a">Newspapers.</subfield><subfield code="2">fast</subfield><subfield code="0">(OCoLC)fst01423814</subfield></datafield><datafield ind1=" " ind2="7" tag="651"><subfield code="a">California</subfield><subfield code="z">Newport Beach.</subfield><subfield code="2">fast</subfield><subfield code="0">(OCoLC)fst01216220</subfield></datafield><datafield ind1=" " ind2="7" tag="651"><subfield code="a">California</subfield><subfield code="z">Newport Beach</subfield><subfield code="z">Corona del Mar.</subfield><subfield code="2">fast</subfield><subfield code="0">(OCoLC)fst01314500</subfield></datafield><datafield ind1=" " ind2=" " tag="752"><subfield code="a">United States</subfield><subfield code="b">California</subfield><subfield code="c">Orange</subfield><subfield code="d">Newport Beach.</subfield></datafield></record>